<record><leader>00000cas a22000007a 4500</leader><controlfield tag="001">12849088</controlfield><controlfield tag="008">851126d18361836inuwr ne      0    0eng d</controlfield><datafield ind1=" " ind2=" " tag="010"><subfield code="a">sn 85048202 </subfield></datafield><datafield ind1=" " ind2=" " tag="040"><subfield code="a">NPI</subfield><subfield code="b">eng</subfield><subfield code="c">NPI</subfield><subfield code="d">OCLCQ</subfield></datafield><datafield ind1=" " ind2=" " tag="042"><subfield code="a">msc</subfield></datafield><datafield ind1="0" ind2="0" tag="245"><subfield code="a">Liberty star and Union County banner.</subfield></datafield><datafield ind1=" " ind2=" " tag="260"><subfield code="a">Liberty, Ind. :</subfield><subfield code="b">C.V. Duggins,</subfield><subfield code="c">1836.</subfield></datafield><datafield ind1=" " ind2=" " tag="300"><subfield code="a">v. ;</subfield><subfield code="c">52 cm.</subfield></datafield><datafield ind1=" " ind2=" " tag="310"><subfield code="a">Weekly</subfield></datafield><datafield ind1="0" ind2=" " tag="362"><subfield code="a">Vol. 1, no. 1 (Apr. 16, 1836)-</subfield></datafield><datafield ind1="1" ind2=" " tag="362"><subfield code="a">Ceased in May 1836.</subfield></datafield><datafield ind1=" " ind2=" " tag="500"><subfield code="a">"Supported William Henry Harrison and the Whig party." Cf. Miller, John W. Indiana newspaper bibliog.</subfield></datafield><datafield ind1=" " ind2=" " tag="752"><subfield code="a">United States</subfield><subfield code="b">Indiana</subfield><subfield code="c">Union</subfield><subfield code="d">Liberty.</subfield></datafield><datafield ind1="0" ind2="0" tag="780"><subfield code="t">Star of the west</subfield></datafield><datafield ind1="0" ind2="0" tag="785"><subfield code="t">Liberty star and banner</subfield><subfield code="w">(DLC)sn 85048203</subfield></datafield><datafield ind1="1" ind2=" " tag="029"><subfield code="a">AU@</subfield><subfield code="b">000024852931</subfield></datafield></record>